@article{campagnerEtAl23,
  title={A cortico-collicular circuit for orienting to shelter during escape},
  author={Campagner, Dario and Vale, Ruben and Tan, Yu Lin and Iordanidou, Panagiota and Pav{\'o}n Arocas, Oriol and Claudi, Federico and Stempel, A Vanessa and Keshavarzi, Sepiedeh and Petersen, Rasmus S and Margrie, Troy W and others},
  journal={Nature},
  volume={613},
  number={7942},
  pages={111--119},
  year={2023},
  publisher={Nature Publishing Group UK London}
}

@article{shamashEtAl21,
  title={Mice learn multi-step routes by memorizing subgoal locations},
  author={Shamash, Philip and Olesen, Sarah F and Iordanidou, Panagiota and Campagner, Dario and Banerjee, Nabhojit and Branco, Tiago},
  journal={Nature neuroscience},
  volume={24},
  number={9},
  pages={1270--1279},
  year={2021},
  publisher={Nature Publishing Group US New York}
}
