@article{woodEtAl18,
  title={The honeycomb maze provides a novel test to study hippocampal-dependent spatial navigation},
  author={Wood, Ruth A and Bauza, Marius and Krupic, Julija and Burton, Stephen and Delekate, Andrea and Chan, Dennis and Oâ€™Keefe, John},
  journal={Nature},
  volume={554},
  number={7690},
  pages={102--105},
  year={2018},
  publisher={Nature Publishing Group UK London}
}
