@article{williamsEtAl20,
  title={Point process models for sequence detection in high-dimensional neural spike trains},
  author={Williams, Alex and Degleris, Anthony and Wang, Yixin and Linderman, Scott},
  journal={Advances in neural information processing systems},
  volume={33},
  pages={14350--14361},
  year={2020}
}
