@article{chuEtAl24,
  title={RealtimeDecoder: A fast software module for online clusterless decoding},
  author={Chu, Joshua P and Coulter, Michael E and Denovellis, Eric L and Nguyen, Trevor TK and Liu, Daniel F and Deng, Xinyi and Eden, Uri T and Kemere, Caleb T and Frank, Loren M},
  journal={bioRxiv},
  pages={2024--05},
  year={2024},
  publisher={Cold Spring Harbor Laboratory}
}

@article{dengEtAl15,
  title={Clusterless decoding of position from multiunit activity using a marked point process filter},
  author={Deng, Xinyi and Liu, Daniel F and Kay, Kenneth and Frank, Loren M and Eden, Uri T},
  journal={Neural computation},
  volume={27},
  number={7},
  pages={1438--1460},
  year={2015},
  publisher={MIT Press One Rogers Street, Cambridge, MA 02142-1209, USA journals-info~â€¦}
}

@article{kloostermanEtAl14,
  title={Bayesian decoding using unsorted spikes in the rat hippocampus},
  author={Kloosterman, Fabian and Layton, Stuart P and Chen, Zhe and Wilson, Matthew A},
  journal={Journal of neurophysiology},
  volume={111},
  number={1},
  pages={217--227},
  year={2014},
  publisher={American Physiological Society Bethesda, MD}
}

@article{starkAndAbeles07,
  title={Predicting movement from multiunit activity},
  author={Stark, Eran and Abeles, Moshe},
  journal={Journal of Neuroscience},
  volume={27},
  number={31},
  pages={8387--8394},
  year={2007},
  publisher={Society for Neuroscience}
}

@article{fraserEtAl09,
  title={Control of a brain--computer interface without spike sorting},
  author={Fraser, George W and Chase, Steven M and Whitford, Andrew and Schwartz, Andrew B},
  journal={Journal of neural engineering},
  volume={6},
  number={5},
  pages={055004},
  year={2009},
  publisher={IOP Publishing}
}

@article{laiEtAl23,
  title={Volitional activation of remote place representations with a hippocampal brain--machine interface},
  author={Lai, Chongxi and Tanaka, Shinsuke and Harris, Timothy D and Lee, Albert K},
  journal={Science},
  volume={382},
  number={6670},
  pages={566--573},
  year={2023},
  publisher={American Association for the Advancement of Science}
}

@article{denovellisEtAl21,
  title={Hippocampal replay of experience at real-world speeds},
  author={Denovellis, Eric L and Gillespie, Anna K and Coulter, Michael E and Sosa, Marielena and Chung, Jason E and Eden, Uri T and Frank, Loren M},
  journal={Elife},
  volume={10},
  pages={e64505},
  year={2021},
  publisher={eLife Sciences Publications Limited}
}
